<collection xmlns="http://www.loc.gov/MARC21/slim"><record><leader>00788nam  2200241   450</leader><controlfield tag="001">300</controlfield><controlfield tag="003">http://montalegre.opacnet.com/OPAC/default.aspx?ContentAreaControl=ShowRegHoldings.ascx&amp;RegNo=16662</controlfield><datafield tag="021" ind1=" " ind2=" "><subfield code="a">PT</subfield><subfield code="b">24322/89</subfield></datafield><datafield tag="095" ind1=" " ind2=" "><subfield code="a">PTBN00324302</subfield></datafield><datafield tag="100" ind1=" " ind2=" "><subfield code="a">19890502d1931    m  y0pora010305  ba</subfield></datafield><datafield tag="101" ind1="1" ind2=" "><subfield code="a">por</subfield><subfield code="c">fre</subfield></datafield><datafield tag="102" ind1=" " ind2=" "><subfield code="a">PT</subfield></datafield><datafield tag="200" ind1="1" ind2=" "><subfield code="a">Voo nocturno</subfield><subfield code="f">Antoine Saint-Exupéry</subfield><subfield code="g">pref. André Gide</subfield><subfield code="g">trad. Carlos Leite</subfield></datafield><datafield tag="210" ind1=" " ind2=" "><subfield code="a">Lisboa</subfield><subfield code="c">Difel</subfield><subfield code="d">cop. 1931</subfield></datafield><datafield tag="215" ind1=" " ind2=" "><subfield code="a">145 p.</subfield><subfield code="d">21 cm</subfield></datafield><datafield tag="225" ind1="2" ind2=" "><subfield code="a">Outras ficções</subfield></datafield><datafield tag="304" ind1=" " ind2=" "><subfield code="a">Tit. orig.: Vol de nuit</subfield></datafield><datafield tag="675" ind1=" " ind2=" "><subfield code="a">840-3</subfield><subfield code="z">por</subfield></datafield><datafield tag="700" ind1=" " ind2="1"><subfield code="a">Saint-Exupéry</subfield><subfield code="b">Antoine de</subfield><subfield code="f">1900-1944</subfield></datafield><datafield tag="702" ind1=" " ind2="1"><subfield code="a">Gide</subfield><subfield code="b">André</subfield><subfield code="f">1869-1951</subfield><subfield code="4">080</subfield></datafield><datafield tag="702" ind1=" " ind2="1"><subfield code="a">Leite</subfield><subfield code="b">Carlos</subfield><subfield code="4">730</subfield></datafield><datafield tag="801" ind1=" " ind2="0"><subfield code="a">PT</subfield><subfield code="b">Biblioteca Municipal de Montalegre</subfield><subfield code="g">RPC</subfield></datafield><datafield tag="856" ind1=" " ind2=" "><subfield code="u">locateMedia.asp?cod=20060511122120&amp;ext=jpg</subfield><subfield code="z">CAPA</subfield></datafield><datafield tag="909" ind1="&#9;" ind2=" "><subfield code="a">1</subfield></datafield><datafield tag="966" ind1=" " ind2=" "><subfield code="a">0008796</subfield><subfield code="l">BMM</subfield><subfield code="s">SCG 821 SAI voo</subfield></datafield></record></collection>